<?xml version="1.0" encoding="UTF-8"?><collection xmlns="http://www.loc.gov/MARC21/slim"><record><leader>00602nam--2200193-u-4500</leader><controlfield tag="001">000055761</controlfield><controlfield tag="002">20161230</controlfield><controlfield tag="005">20161230201052</controlfield><controlfield tag="008">130411s1000------------r-----000-0-fre-d</controlfield><datafield ind1=" " ind2=" " tag="040"><subfield code="a">IFIN-HH</subfield></datafield><datafield ind1=" " ind2=" " tag="041"><subfield code="a">fre</subfield></datafield><datafield ind1=" " ind2=" " tag="080"><subfield code="a">621.039</subfield></datafield><datafield ind1="1" ind2=" " tag="100"><subfield code="a">Gowing, Margaret</subfield></datafield><datafield ind1="1" ind2="0" tag="245"><subfield code="a">Dossier secret des relations atomiques entre allies 1939-1945</subfield><subfield code="b">Traduction et adaptation par bertrand goldschmidt</subfield><subfield code="c">Margaret gowing</subfield></datafield><datafield ind1=" " ind2=" " tag="260"><subfield code="a">Paris</subfield><subfield code="b">Plon</subfield><subfield code="c">1965</subfield></datafield><datafield ind1=" " ind2=" " tag="300"><subfield code="a">268P</subfield></datafield><datafield ind1=" " ind2=" " tag="500"><subfield code="a">Titlul Original In Limba Engleza: Britain And Atomic Energy 1939-1945</subfield></datafield><datafield ind1=" " ind2=" " tag="852"><subfield code="a">44547</subfield><subfield code="c">H.H</subfield></datafield><datafield ind1=" " ind2=" " tag="CAT"><subfield code="a">Sys</subfield><subfield code="c">20130411</subfield><subfield code="h">150948</subfield></datafield></record></collection>